<?xml version="1.0" encoding="UTF-8"?>
<collection xmlns:xsi="http://www.w3.org/2001/XMLSchema-instance" xsi:schemaLocation="http://www.loc.gov/MARC21/slim http://www.loc.gov/standards/marcxml/schema/MARC21slim.xsd" xmlns="http://www.loc.gov/MARC21/slim">
<record>
  <leader>00922cam a22002291  4500</leader>
  <controlfield tag="001">4200748</controlfield>
  <controlfield tag="003">NNC</controlfield>
  <controlfield tag="005">20130428122020.0</controlfield>
  <controlfield tag="008">031106s1952    ua            000 0 arard</controlfield>
  <datafield tag="035" ind1=" " ind2=" ">
    <subfield code="a">(OCoLC)611918404</subfield>
  </datafield>
  <datafield tag="035" ind1=" " ind2=" ">
    <subfield code="a">(OCoLC)ocn611918404</subfield>
  </datafield>
  <datafield tag="035" ind1=" " ind2=" ">
    <subfield code="9">ASK3123CU</subfield>
  </datafield>
  <datafield tag="035" ind1=" " ind2=" ">
    <subfield code="a">(NNC)4200748</subfield>
  </datafield>
  <datafield tag="040" ind1=" " ind2=" ">
    <subfield code="a">NNC</subfield>
    <subfield code="c">NNC</subfield>
  </datafield>
  <datafield tag="100" ind1="1" ind2=" ">
    <subfield code="a">Zurqānī, Muḥammad ʻAbd al-ʻAẓīm.</subfield>
  </datafield>
  <datafield tag="245" ind1="1" ind2="0">
    <subfield code="a">Manāhil al-ʻirfān fī ʻulūm al-Qurʾān,</subfield>
    <subfield code="b">ṭibqa mā qarrarahū Majlis al-Azhar al-Alī fī dirāsat takhaṣuṣ al-Kullīyāt al-Azharīyah,</subfield>
    <subfield code="c">bi-qalam ... al-ustādh al-shaykh Muḥammad ʻAbd al-ʻAẓīm al-Zarqānī.</subfield>
  </datafield>
  <datafield tag="250" ind1=" " ind2=" ">
    <subfield code="a">Al-Ṭabʻah-al 3.</subfield>
  </datafield>
  <datafield tag="260" ind1=" " ind2=" ">
    <subfield code="a">[al-Qāhirah]</subfield>
    <subfield code="b">Dār Iḥyāʾ al-Kutub al-ʻArabīyah,</subfield>
    <subfield code="c">1372 h. [1952]</subfield>
  </datafield>
  <datafield tag="300" ind1=" " ind2=" ">
    <subfield code="a">21, 575 p.</subfield>
    <subfield code="c">23 cm.</subfield>
  </datafield>
  <datafield tag="500" ind1=" " ind2=" ">
    <subfield code="a">At head of title: al-Jāmiʻah al-Azharīyah. Kullīyat Uṣūl al-Dīn.</subfield>
  </datafield>
  <datafield tag="630" ind1="0" ind2="0">
    <subfield code="a">Qurʼan.</subfield>
  </datafield>
  <datafield tag="955" ind1=" " ind2=" ">
    <subfield code="b">CU16300416</subfield>
    <subfield code="d">off,glx</subfield>
    <subfield code="e">893.7K84 DZ41</subfield>
  </datafield>
</record>
</collection>